%ancient greek references

@book{Timaeus,
  title     = {Tmaeus - Plato ; edited and translated with an introduction by John Warrington},
  author    = {John Warrington, Plato},
  year      = {1965},
  publisher = {Dent ; Dutton}
}

% Standard model history references

@article{Dalton,
 ISSN = {00804649},
 URL = {http://www.jstor.org/stable/75700},
 author = {Harold Hartley},
 journal = {Proceedings of the Royal Society of London. Series B, Biological Sciences},
 number = {1013},
 pages = {335--359},
 publisher = {The Royal Society},
 title = {John Dalton, F.R.S. (1766-1844) and the Atomic Theory-A Lecture to Commemorate his Bicentenary},
 urldate = {2023-10-28},
 volume = {168},
 year = {1967}
}

@article{electronDiscovery,
 ISSN = {00963771},
 URL = {http://www.jstor.org/stable/7115},
 author = {J. J. Thomson},
 journal = {The Scientific Monthly},
 number = {2},
 pages = {113--115},
 publisher = {American Association for the Advancement of Science},
 title = {The Electron},
 urldate = {2023-10-28},
 volume = {20},
 year = {1925}
}
@book{Oerter,
  title={The Theory of Almost Everything: The Standard Model, the Unsung Triumph of Modern Physics},
  author={Oerter, R.},
  isbn={9780452287860},
  url={https://books.google.com/books?id=fkjmjwEACAAJ},
  year={2006},
  publisher={Penguin Publishing Group}
}
@book{Pullman,
  title={The Atom in the History of Human Thought},
  author={Pullman, B.},
  isbn={9780195114478},
  lccn={97036040},
  url={https://books.google.com/books?id=6s_aAAAAMAAJ},
  year={1998},
  publisher={Oxford University Press}
}
@article{Thomson, 
    title={Cathode Rays}, 
    volume={44}, 
    DOI={10.1080/14786449708621070}, 
    number={269}, 
    journal={The London, Edinburgh, and Dublin Philosophical Magazine and Journal of Science}, 
    author={Thomson, J. J.}, 
    year={1897}, 
    month={Oct}, 
    pages={293–316}} 

@article{Thorpe, 
title={On the relation between the molecular weights of substances and their specific gravities when in the liquid state}, 
volume={22}, 
DOI={10.1038/022262a0}, 
number={560}, 
journal={Nature}, 
author={THORPE, T. E.}, 
year={1880}, 
month={Jul}, 
pages={262–263}} 

@book{Thomson_1907, place={London}, title={The corpuscular theory of matter by J.J. Thomson .}, publisher={A. Constable}, author={Thomson, J. J.}, year={1907}} 

@misc{PPmodel, 
url={https://en.m.wikipedia.org/wiki/File:Plum_pudding_atom.svg}, 
journal={Wikipedia}, 
publisher={Wikimedia Foundation}, 
year={2005}, 
month={Dec}} 

@article{Nagaoka,
    author = {Hantaro Nagaoka},
    title = {The Inductance Coefficients of Solenoids},
    journal = {Journal of the College of Science},
    year = {1909}
}

@book{Tibbetts, 
place={San Diego, CA}, 
title={How the great scientists reasoned the scientific method in action}, 
publisher={Elsevier Science \& Technology Books}, 
author={Tibbetts, Gary G.}, 
year={2012}} 

@book{Belyaev_Ross, 
title={The basics of nuclear and particle physics},
publisher={Springer}, 
author={Belyaev, Alexander and Ross, Douglas}, 
year={2021}} 

@incollection{Atomic_Nucleus,
title = {Chapter 20 - The Atomic Nucleus},
editor = {Michael F. L'Annunziata},
booktitle = {Radioactivity (Second Edition)},
publisher = {Elsevier},
edition = {Second Edition},
address = {Boston},
pages = {679-728},
year = {2016},
isbn = {978-0-444-63489-4},
doi = {https://doi.org/10.1016/B978-0-444-63489-4.00020-4},
url = {https://www.sciencedirect.com/science/article/pii/B9780444634894000204},
author = {Michael F. L'Annunziata},
}

@misc{ GM_Experiment,
   author = {Wikimedia Commons},
   title = {File:Geiger-Marsden experiment expectation and result.svg --- Wikimedia Commons{,} the free media repository},
   year = {2024},
   url = {https://commons.wikimedia.org/w/index.php?title=File:Geiger-Marsden_experiment_expectation_and_result.svg&oldid=878374503}
}

@misc{Baily,
title={Early atomic models – from mechanical to Quantum (1904–1913) - the European Physical Journal H}, 
url={https://link.springer.com/article/10.1140/epjh/e2012-30009-7}, 
journal={SpringerLink}, 
publisher={Springer-Verlag}, 
author={Baily, C.}, 
year={2012}, 
month={Oct}} 

@article{Rutherford_1911, 
title={LXXIX. the scattering of $\alpha$ and $\beta$ particles by matter and the structure of the atom}, 
volume={21}, 
DOI={10.1080/14786440508637080}, 
number={125}, 
journal={The London, Edinburgh, and Dublin Philosophical Magazine and Journal of Science}, 
author={Rutherford, E.}, 
year={1911}, 
month={May}, 
pages={669–688}} 

@misc{Rutherford_model, 
url={https://en.wikipedia.org/wiki/Rutherford_model#/media/File:Rutherford_atomic_planetary_model.svg}, 
journal={Wikipedia}, 
publisher={Wikimedia Foundation},
year={2024}, 
month={Sep}} 

@misc{Kopot, 
title={Flaws in Rutherford’s Model of the Atom}, 
url={https://aklectures.com/lecture/models-of-the-atom-and-line-spectra/flaws-in-rutherfords-model-of-the-atom}, 
journal={Aklectures.com}, 
author={Kopot, Andrey}, 
year={2014}, 
month={Feb}} 

@article{Bohr_1913, 
title={I. on the Constitution of atoms and molecules}, 
volume={26}, 
DOI={10.1080/14786441308634955}, 
number={151}, 
journal={The London, Edinburgh, and Dublin Philosophical Magazine and Journal of Science}, 
author={Bohr, N.}, 
year={1913}, 
month={Jul}, 
pages={1–25}} 

@article{Newton_1948, 
title={A new theory of light and colors, 1672.}, 
DOI={10.1037/11304-007}, journal={Readings in the history of psychology.}, 
author={Newton, Isaac}, 
year={1948},
pages={44–54}} 

@misc{Bohr_model, 
url={https://en.wikipedia.org/wiki/Bohr_model#/media/File:Bohr_atom_model.svg}, 
journal={Wikipedia}, 
publisher={Wikimedia Foundation}, 
year={2024}, 
month={Sep}} 

@book{Hooke_1667, 
place={London}, 
title={Micrographia: Or, some physiological descriptions of minute bodies made by magnifying glasses. with observations and inquiries thereupon}, 
publisher={Printed for John Martyn, printer to the Royal Society}, 
author={Hooke, Robert}, 
year={1667}} 

@book{Huygens_1690,
  title={Traite de la lumiere. O{\`u} sont expliqu{\'e}es les causes de ce qui luy arrive dans la reflexion, \& dans la refraction. Et particulierment dans l'etrange refraction du cristal d'Islande, par C.H.D.Z. Avec un Discours de la cause de la pesanteur},
  author={Huygens, C.},
  url={https://books.google.com/books?id=kVxsaYdZaaoC},
  year={1690},
  publisher={chez Pierre Vander Aa marchand libraire}
}

@article{Young_1804, 
title={The Bakerian Lecture. experiments and calculations relative to physical optics},
volume={94}, 
DOI={10.1098/rstl.1804.0001},
journal={Philosophical Transactions of the Royal Society of London},
author={Young, Thomas}, 
year={1804}, 
month={Dec}, 
pages={1–16}} 

@misc{DS_experiment, 
url={https://en.wikipedia.org/wiki/Double-slit_experiment#/media/File:Double-slit.svg},
journal={Wikipedia}, 
publisher={Wikimedia Foundation}, 
year={2024}, 
month={Aug}} 

@article{Planck_1901,
title={Ueber das gesetz der energieverteilung im Normalspectrum}, 
volume={309}, 
DOI={10.1002/andp.19013090310},
number={3}, 
journal={Annalen der Physik},
author={Planck, Max},
year={1901}, 
month={Jan},
pages={553–563}} 

@article{Einstein_1905, title={Über einen die Erzeugung und Verwandlung des Lichtes betreffenden heuristischen gesichtspunkt}, volume={322}, DOI={10.1002/andp.19053220607}, number={6}, journal={Annalen der Physik}, author={Einstein, A.}, year={1905}, month={Jan}, pages={132–148}} 

@article{Einstein_1905a,
title={Zur elektrodynamik bewegter Körper},
volume={322}, 
DOI={10.1002/andp.19053221004},
number={10}, 
journal={Annalen der Physik},
author={Einstein, A.}, 
year={1905},
month={Jan},
pages={891–921}} 

@article{LEWIS_1926, title={The conservation of photons}, volume={118}, DOI={10.1038/118874a0}, number={2981}, journal={Nature}, author={LEWIS, GILBERT N.}, year={1926}, month={Dec}, pages={874–875}} 

@article{Millikan_1914, title={A direct determination of h}, volume={4}, DOI={10.1103/physrev.4.73.2}, number={1}, journal={Physical Review}, author={Millikan, R. A.}, year={1914}, month={Jul}, pages={73–75}} 

@article{Heisenberg_1927, title={Ber Den anschaulichen inhalt der quantentheoretischen kinematik und mechanik}, volume={43}, DOI={10.1007/bf01397280}, number={3–4}, journal={Zeitschrift fur Physik}, author={Heisenberg, W.}, year={1927}, month={Mar}, pages={172–198}}

@book{Heisenberg_1971,
  title={Physics and Beyond: Encounters and Conversations},
  author={Heisenberg, W.},
  isbn={9780061316227},
  lccn={78095963},
  series={Harper Torchbooks},
  url={https://books.google.com/books?id=O-dEAAAAIAAJ},
  year={1971},
  publisher={Harper \& Row}
}
@article{DeBroglie_1925, title={Recherches sur la théorie des quanta}, volume={10}, DOI={10.1051/anphys/192510030022}, number={3}, journal={Annales de Physique}, author={De Broglie, Louis}, year={1925}, pages={22–128}} 

@article{Davisson_Germer_1927, title={The scattering of electrons by a single crystal of Nickel}, volume={119}, DOI={10.1038/119558a0}, number={2998}, journal={Nature}, author={Davisson, C. and Germer, L. H.}, year={1927}, month={Apr}, pages={558–560}} 

@article{Davisson_Germer_1927a, title={Diffraction of electrons by a crystal of nickel}, volume={30}, DOI={10.1103/physrev.30.705}, number={6}, journal={Physical Review}, author={Davisson, C. and Germer, L. H.}, year={1927}, month={Dec}, pages={705–740}} 

@article{Davisson_Germer_1928, title={Reflection of electrons by a crystal of nickel}, volume={14}, DOI={10.1073/pnas.14.4.317}, number={4}, journal={Proceedings of the National Academy of Sciences}, author={Davisson, C. J. and Germer, L. H.}, year={1928}, month={Apr}, 
pages={317–322}} 

@article{Schrödinger_1926, 
title={An undulatory theory of the mechanics of atoms and molecules}, 
volume={28}, 
DOI={10.1103/physrev.28.1049}, 
number={6}, 
journal={Physical Review}, 
author={Schrödinger, E.}, 
year={1926}, 
month={Dec}, 
pages={1049–1070}} 

@misc{quark, 
title={Quark}, 
url={https://en.wikipedia.org/wiki/Quark#/media/File:Quark_structure_proton.svg}, 
journal={Wikipedia}, 
publisher={Wikimedia Foundation}, 
author={Horvath, Arpad}, 
year={2020}, 
month={Nov}} 

@misc{standard_model, 
title={File:standard model of elementary particles.svg}, 
url={https://commons.wikimedia.org/wiki/File:Standard_Model_of_Elementary_Particles.svg}, 
journal={Wikimedia Commons}, 
author={Cush}, 
year={2024}, 
month={Aug}} 

@article{ Wu_2007,
title={Top 10 algorithms in Data Mining}, 
volume={14}, DOI={10.1007/s10115-007-0114-2}, 
number={1}, 
journal={Knowledge and Information Systems}, 
author={Wu, Xindong and Kumar, Vipin and others{2007}, 
month={Dec}, 
pages={1–37}} 

@book{Budinger_2014, 
place={Amsterdam}, 
title={Comprehensive biomedical physics. volume 1, Nuclear Medicine and Molecular Imaging}, 
publisher={Elsevier}, 
author={Budinger, Thomas F. and Brahme, Anders}, 
year={2014}} 

@book{Bishop_2016, 
place={New York, New York}, 
title={Pattern recognition and machine learning}, 
publisher={Springer}, 
author={Bishop, Christopher M.}, 
year={2016}} 

@misc{Antoniadis_2024, 
title={Hidden layers in a neural network}, 
url={https://www.baeldung.com/cs/hidden-layers-neural-network}, 
journal={Baeldung on Computer Science}, 
author={Antoniadis, Panagiotis}, 
year={2024}, 
month={Mar}} 

@misc{DUNE_Neut_Det, 
title={Neutrino detectors}, 
url={https://www.dunescience.org/neutrino-detectors/},
journal={Deep Underground Neutrino Experiment}, 
author={Collaboration, DUNE}} 

@misc{DUNE_LBNF, 
title={Detectors and computing}, 
url={https://lbnf-dune.fnal.gov/how-it-works/detectors-and-computing/}, 
journal={DUNE at LBNF}, 
author={Collaboration, DUNE}} 

@misc{Biron_2020, 
title={Powered by Pixels}, 
url={https://news.fnal.gov/2019/08/powered-by-pixels/}, 
journal={FNAL News}, 
publisher={Fermi National Accelerator Laboratory}, 
author={Biron, Lauren}, 
year={2020}, 
month={Mar}} 

@misc{quark_Brit_2024, 
url={https://www.britannica.com/science/quark}, 
journal={Encyclopædia Britannica}, 
publisher={Encyclopædia Britannica, inc.},
author={Encyclopedia Britannica},
year={2024}, 
month={Sep}} 

@misc{Nave_quark,
url={http://hyperphysics.phy-astr.gsu.edu/hbase/Particles/quark.html}, 
journal={Quarks}, 
publisher={Georgia State University}, 
author={Nave, R.}, 
year={2000}, 
month={Aug}} 

@misc{Nave_lepton, 
url={http://hyperphysics.phy-astr.gsu.edu/hbase/Particles/lepton.html}, 
journal={Leptons}, publisher={Georgia State University},
author={Nave, R.},
year={2000}, 
month={Aug}} } 

@book{Gribbin_2000, 
place={New York}, 
title={Q is for Quantum: An encyclopedia of particle physics}, 
publisher={Simon \& Schuster}, 
author={Gribbin, John R. and Gribbin, Mary and others{2000}} 

@book{Clark_2004, 
place={New York}, 
title={The Essential Dictionary of Science}, 
publisher={Barnes \& Noble Books}, 
author={Clark, John O. E.}, 
year={2004}} 

@book{Veltman_2004, 
place={Princeton, N.J}, 
title={Facts and mysteries in Elementary Particle Physics}, 
publisher={Recording for the Blind \& Dyslexic}, 
author={Veltman, Martinus}, 
year={2004}} 

@misc{Bernardi_2008, 
title={Higgs Bosons: Theory and Searches},
author={Bernardi, G}, 
year={2008}, 
month={July}} 

@article{Glashow_1959,
title = {The renormalizability of vector meson interactions},
journal = {Nuclear Physics},
volume = {10},
pages = {107-117},
year = {1959},
issn = {0029-5582},
doi = {https://doi.org/10.1016/0029-5582(59)90196-8},
url = {https://www.sciencedirect.com/science/article/pii/0029558259901968},
author = {Sheldon L. Glashow},
}

@article{Salam_1968,
    author = {Salam, Abdus},
    title = {Weak and Electromagnetic Interactions},
    doi = {10.1142/9789812795915_0034},
    journal = {Conf. Proc. C},
    volume = {680519},
    pages = {367-377},
    year = {1968}
}

@article{Weinburg_1967,
  title = {A Model of Leptons},
  author = {Weinberg, Steven},
  journal = {Phys. Rev. Lett.},
  volume = {19},
  issue = {21},
  pages = {1264--1266},
  numpages = {0},
  year = {1967},
  month = {Nov},
  publisher = {American Physical Society},
  doi = {10.1103/PhysRevLett.19.1264},
  url = {https://link.aps.org/doi/10.1103/PhysRevLett.19.1264}
}
@techreport{Fry Haidt,
    author = {Fry_Haidt},
    title = {CERN 75-1} ,
    institution = {CERN},
    year = {1975}
}

@article{Neddermeyer_Anderson_1937, 
title={Note on the nature of cosmic-ray particles}, volume={51}, 
DOI={10.1103/physrev.51.884}, 
number={10}, 
journal={Physical Review}, 
author={Neddermeyer, Seth H. and Anderson, Carl D.}, 
year={1937}, 
month={May},
pages={884–886}} 

@article{tau_discovery,
  title = {Evidence for Anomalous Lepton Production in ${e}^{+}\ensuremath{-}{e}^{\ensuremath{-}}$ Annihilation},
  author = {Perl, M. L. and Abrams, G. S. and others{Phys. Rev. Lett.},
  volume = {35},
  issue = {22},
  pages = {1489--1492},
  numpages = {0},
  year = {1975},
  month = {Dec},
  publisher = {American Physical Society},
  doi = {10.1103/PhysRevLett.35.1489},
  url = {https://link.aps.org/doi/10.1103/PhysRevLett.35.1489}
}

@article{Pauli_letter,
    author = {Brown, Laurie M.},
    title = "{The idea of the neutrino}",
    journal = {Physics Today},
    volume = {31},
    number = {9},
    pages = {23-28},
    year = {1978},
    month = {09},
    abstract = "{During the 1920's physicists came to accept the view that matter is built of only two kinds of elementary particles, electrons and protons, which they often called “negative and positive electrons.” A neutral atom of mass number A and atomic number Z was supposed to contain A protons, all in the nucleus, and A negative electrons, A–Z in the nucleus and the rest making up the external electron shells of the atom. Their belief that both protons and negative electrons were to be found in the nucleus arose from the observations that protons could be knocked out of light elements by alpha‐particle bombardment, while electrons emerged spontaneously (mostly from very heavy nuclei) in radioactive beta decay. Any other elementary constituent of the atom would have been considered superfluous, and to imagine that another might exist was abhorrent to the prevailing natural philosophy.}",
    issn = {0031-9228},
    doi = {10.1063/1.2995181},
    url = {https://doi.org/10.1063/1.2995181},
    eprint = {https://pubs.aip.org/physicstoday/article-pdf/31/9/23/8285438/23\_1\_online.pdf},
}

@book{Basdevant_Rich_Spiro_2005, 
place={New York, New York}, 
title={Fundamentals in nuclear physics: From nuclear structure to cosmology}, 
publisher={Springer}, 
author={Basdevant, Jean L. and Rich, James and others{2005}} 

@article{Fermi_decay,
    author = {Wilson, Fred L.},
    title = "{Fermi's Theory of Beta Decay}",
    journal = {American Journal of Physics},
    volume = {36},
    number = {12},
    pages = {1150-1160},
    year = {1968},
    month = {12},
    abstract = "{A complete English translation is given of the classic Enrico Fermi paper on beta decay published in Zeitschrift für Physik in 1934.}",
    issn = {0002-9505},
    doi = {10.1119/1.1974382},
    url = {https://doi.org/10.1119/1.1974382},
    eprint = {https://pubs.aip.org/aapt/ajp/article-pdf/36/12/1150/11891052/1150\_1\_online.pdf},
}

@book{Shea_1983, 
place={Boston, MA}, 
title={Otto Hahn and the rise of nuclear physics}, 
publisher={Kluwer Academic Publishers}, 
author={Shea, William R.}, 
year={1983}} 

@article{muon_neutrino_discovery,
  title = {Observation of High-Energy Neutrino Reactions and the Existence of Two Kinds of Neutrinos},
  author = {Danby, G. and Gaillard, J-M. and others{Phys. Rev. Lett.},
  volume = {9},
  issue = {1},
  pages = {36--44},
  numpages = {0},
  year = {1962},
  month = {Jul},
  publisher = {American Physical Society},
  doi = {10.1103/PhysRevLett.9.36},
  url = {https://link.aps.org/doi/10.1103/PhysRevLett.9.36}
}
@article{tau_neutrino_discovery,
  title = {Evidence for Anomalous Lepton Production in ${e}^{+}\ensuremath{-}{e}^{\ensuremath{-}}$ Annihilation},
  author = {Perl, M. L. and Abrams, G. S. and others{Phys. Rev. Lett.},
  volume = {35},
  issue = {22},
  pages = {1489--1492},
  numpages = {0},
  year = {1975},
  month = {Dec},
  publisher = {American Physical Society},
  doi = {10.1103/PhysRevLett.35.1489},
  url = {https://link.aps.org/doi/10.1103/PhysRevLett.35.1489}
}
@article{PMNS_matrix,
    author = {Maki, Ziro and Nakagawa, Masami and others{Remarks on the Unified Model of Elementary Particles}",
    journal = {Progress of Theoretical Physics},
    volume = {28},
    number = {5},
    pages = {870-880},
    year = {1962},
    month = {11},
    issn = {0033-068X},
    doi = {10.1143/PTP.28.870},
    url = {https://doi.org/10.1143/PTP.28.870},
    eprint = {https://academic.oup.com/ptp/article-pdf/28/5/870/5258750/28-5-870.pdf},
}

@book{De_Angelis_Pimenta_2018, 
place={Cham, Switzerland}, 
title={Introduction to particle and Astroparticle Physics: Multimessenger astronomy and its particle physics foundations}, 
publisher={Springer}, 
author={De Angelis, Alessandro and Pimenta, M.}, 
year={2018}} 

@book{Barger_Marfatia_Whisnant_2012, 
place={Princeton, NJ}, 
title={The physics of neutrinos}, 
publisher={Princeton University Press}, 
author={Barger, V. and Marfatia, Danny and others{2012}} 

@article{Cohen_Glashow_Ligeti_2009, 
title={Disentangling neutrino oscillations}, 
volume={678}, 
DOI={10.1016/j.physletb.2009.06.020}, 
number={2}, journal={Physics Letters B}, 
author={Cohen, Andrew G. and Glashow, Sheldon L. and others{2009}, 
month={Jul}, 
pages={191–196}} 

@book{Gorbar_Miransky_Shovkovy_Sukhachov_2021, 
title={Electronic properties of Dirac and Weyl semimetals Eduard v. Gorbar, Vladimir A. Miransky, Igor A. Shovkovy, Pavlo O. Sukhachov}, 
publisher={World Scientific}, 
author={Gorbar, Eduard V. and Miransky, V. A. and others{2021}} 

@article{PhysRevD.97.072009,
  title = {Search for nonstandard neutrino interactions with IceCube DeepCore},
  author = {Aartsen, M. G. and Ackermann, M. and others},
  collaboration = {IceCube Collaboration},
  journal = {Phys. Rev. D},
  volume = {97},
  issue = {7},
  pages = {072009},
  numpages = {10},
  year = {2018},
  month = {Apr},
  publisher = {American Physical Society},
  doi = {10.1103/PhysRevD.97.072009},
  url = {https://link.aps.org/doi/10.1103/PhysRevD.97.072009}
}



@article{Majorana_1937, 
title={Teoria simmetrica dell’elettrone e del positrone},
volume={14},
DOI={10.1007/bf02961314},
number={4}, 
journal={Il Nuovo Cimento},
author={Majorana, Ettore},
year={1937}, 
month={Apr}, 
pages={171–184}} 

@article{Babu_Barman_Gonçalves_Ismail_2024, 
title={Probing lepton number violation and Majorana nature of neutrinos at the LHC}, 
volume={2024}, 
DOI={10.1007/jhep06(2024)132},
number={6}, 
journal={Journal of High Energy Physics}, 
author={Babu, K. S. and Barman, Rahool K. and others{2024},
month={Jun}} 

@book{Griffiths_1987, 
place={New York, NY},
title={Introductory to elementary particles},
publisher={John Wiley \& Sons, Inc},
author={Griffiths, David}, 
year={1987}} 

@article{Kayser_2009, title={Are neutrinos their own antiparticles?}, volume={173}, DOI={10.1088/1742-6596/173/1/012013}, journal={Journal of Physics: Conference Series}, author={Kayser, Boris}, year={2009}, month={Jun}, pages={012013}} 

@Inbook{vonFeilitzsch2012,
author="von Feilitzsch, Franz and Lanfranchi, Jean-C{\^o}me and others",
editor="Grupen, Claus
and Buvat, Ir{\`e}ne",
title="Neutrino Detectors",
bookTitle="Handbook of Particle Detection and Imaging",
year="2012",
publisher="Springer Berlin Heidelberg",
address="Berlin, Heidelberg",
pages="313--347",
isbn="978-3-642-13271-1",
doi="10.1007/978-3-642-13271-1_14",
url="https://doi.org/10.1007/978-3-642-13271-1_14"
}


@misc{dune_tdr,
      title={Deep Underground Neutrino Experiment (DUNE), Far Detector Technical Design Report, Volume I: Introduction to DUNE}, 
      author={B. Abi and R. Acciarri and others{2020},
      eprint={2002.02967},
      archivePrefix={arXiv},
      primaryClass={physics.ins-det},
      url={https://arxiv.org/abs/2002.02967}, 

@article{Freund_Schapire_1998,
author={Freund, Yoav and Schapire, Robert E.},
title={Large margin classification using the perceptron algorithm}, 
DOI={10.1145/279943.279985}, 
journal={Proceedings of the eleventh annual conference on Computational learning theory}, 
year={1998}, 
month={July}} 

@misc{Nielson_2020, title={1.3: Sigmoid neurons}, url={https://eng.libretexts.org/Bookshelves/Computer_Science/Applied_Programming/Book%3A_Neural_Networks_and_Deep_Learning_(Nielsen)/01%3A_Using_neural_nets_to_recognize_handwritten_digits/1.03%3A_Sigmoid_neurons}, journal={Engineering LibreTexts}, publisher={Libretexts}, author={Nielson, Michael}, year={2020}, month={Dec}} 

@article{KELLEY_1960, title={Gradient theory of optimal flight paths}, volume={30}, DOI={10.2514/8.5282}, number={10}, journal={ARS Journal}, author={KELLEY, HENRY J.}, year={1960}, month={Oct}, pages={947–954}} 

@book{Bryson_1962, place={Cambridge, MA}, title={Proceedings of a Harvard Symposium on Digital Computers and their applications: 3-6 April 1961}, publisher={Harvard University Press}, author={Bryson, Arthur}, year={1962}} 

@book{Goodfellow_2016,
    title={Deep Learning},
    author={Ian Goodfellow and Yoshua Bengio and others{MIT Press},
    note={\url{http://www.deeplearningbook.org}},
    year={2016}}

@book{Maas_Hannun_Ng_2014, place={Stanford, CA}, title={Rectifier Nonlinearities Improve Neural Network Acoustic Models}, author={Maas, Andrew and Hannun, Awni and others{2014}} 

@article{LeCun_Bengio_Hinton_2015, title={Deep learning}, volume={521}, DOI={10.1038/nature14539}, number={7553}, journal={Nature}, author={LeCun, Yann and Bengio, Yoshua and others{2015}, month={May}, pages={436–444}} 
@book{Venkatesan_Li_2018, place={Boca Raton, FL}, title={Convolutional Neural Networks in visual computing: A concise guide}, publisher={CRC Press}, author={Venkatesan, Ragav and Li, Baoxin}, year={2018}} 

@book{cnn_pic, title={Visualization of CNN}, journal={https://vinodsblog.com/2018/10/15/everything-you-need-to-know-about-convolutional-neural-networks/}, author={Sharma, Vinod}, year={2018}, month={Oct}} 

@misc{IBM_2024, title={What are convolutional neural networks?}, url={https://www.ibm.com/topics/convolutional-neural-networks}, journal={IBM}, author={IBM}, year={2024}, month={Oct}} 

@article{Ciresan_Meier_Schmidhuber_2012, title={Multi-column deep neural networks for Image Classification}, DOI={10.1109/cvpr.2012.6248110}, journal={2012 IEEE Conference on Computer Vision and Pattern Recognition}, author={Ciresan, D. and Meier, U. and others{2012}, month={Jun}} 

@article{Yamaguchi_Sakamoto_Akabane_Fujimoto_1990, title={A neural network for speaker-independent isolated word recognition}, DOI={10.21437/icslp.1990-282}, journal={First International Conference on Spoken Language Processing (ICSLP 1990)}, author={Yamaguchi, Kouichi and Sakamoto, Kenji and others{1990}, month={Nov}} 

@article{Scarselli_Gori_Tsoi_Hagenbuchner_Monfardini_2009, title={The graph neural network model}, volume={20}, DOI={10.1109/tnn.2008.2005605}, number={1}, journal={IEEE Transactions on Neural Networks}, author={Scarselli, F. and Gori, M. and others{2009}, month={Jan}, pages={61–80}} 

@book{Wu_Cui_Pei_Zhao_2022, 
title={Graph Neural Networks: Foundations, Frontiers, and applications}, 
editor={Wu, L. and Cui, P. and Pei, J. and Zhao, L.},
publisher={Springer}, 
year={2022}} 

@article{Micheli_2009, title={Neural Network for graphs: A contextual constructive approach}, volume={20}, DOI={10.1109/tnn.2008.2010350}, number={3}, journal={IEEE Transactions on Neural Networks}, author={Micheli, A.}, year={2009}, month={Mar}, pages={498–511}} 

%model development refs

@book{Zell_1997, place={Bonn, Switzerland}, title={Simulation Neuronaler Netze}, publisher={Addison-Wesley}, author={Zell, Andreas}, year={1997}} 

@book{Vapnik_1999, place={New York, NY}, title={The nature of statistical learning theory}, publisher={Springer}, author={Vapnik, Vladimir N.}, year={1999}} 

@book{MacKay_2019, place={Cambridge, MA}, title={Information theory, Inference, and learning algorithms}, publisher={Cambridge University Press}, author={MacKay, D J C.}, year={2019}} 

%SPINE refs

@book{SPINE_schematic , title={Overview of the SPINE schematic}, journal={https://github.com/DeepLearnPhysics/spine?tab=readme-ov-file  }, author={ }} 

@InProceedings{uresnet_2019,
author="Estienne, Th{\'e}o and Vakalopoulou, Maria and others",
editor="Shen, Dinggang
and Liu, Tianming
and Peters, Terry M.
and Staib, Lawrence H.
and Essert, Caroline
and Zhou, Sean
and Yap, Pew-Thian
and Khan, Ali",
title="U-ReSNet: Ultimate Coupling of Registration and Segmentation with Deep Nets",
booktitle="Medical Image Computing and Computer Assisted Intervention -- MICCAI 2019",
year="2019",
publisher="Springer International Publishing",
address="Cham",
pages="310--319",
isbn="978-3-030-32248-9"
}

@inproceedings{Tilley_2021,
   title={Point Proposal Network: Accelerating Point Source Detection Through Deep Learning},
   volume={15},
   url={http://dx.doi.org/10.1109/SSCI50451.2021.9660085},
   DOI={10.1109/ssci50451.2021.9660085},
   booktitle={2021 IEEE Symposium Series on Computational Intelligence (SSCI)},
   publisher={IEEE},
   author={Tilley, Duncan and Cleghorn, Christopher W. and others{2021},
   month=dec, pages={1–8} }

@misc{drielsma2020clusteringelectromagneticshowersparticle,
      title={Clustering of Electromagnetic Showers and Particle Interactions with Graph Neural Networks in Liquid Argon Time Projection Chambers Data}, 
      author={Francois Drielsma and Qing Lin and others{2020},
      eprint={2007.01335},
      archivePrefix={arXiv},
      primaryClass={physics.ins-det},
      url={https://arxiv.org/abs/2007.01335}, 
}

@article{Dominé_deSoux_Drielsma_Koh_Itay_Lin_Terao_Tsang_Usher_2021, 
title={Point proposal network for reconstructing 3D particle endpoints with subpixel precision in liquid argon time projection chambers}, volume={104}, DOI={10.1103/physrevd.104.032004}, number={3}, journal={Physical Review D}, author={Dominé, Laura and de Soux, Pierre Côte and others{2021}, month={Aug}} 

@article{Dominé_Terao_2020, title={Scalable deep convolutional neural networks for sparse, locally dense liquid argon time projection chamber data}, volume={102}, DOI={10.1103/physrevd.102.012005}, number={1}, journal={Physical Review D}, author={Dominé, Laura and Terao, Kazuhiro}, year={2020}, month={Jul}} 

@book{DUNE_2020, title={Cartoon depiction of DUNE}, author={DUNE}, publisher={DUNE}, year={2020}} 

@book{DUNE_2020a, title={ Design of the DUNE ND with 5 × 7 modules}, journal={https://www.lhep.unibe.ch/research/detector_development/argoncube/index_eng.html}, author={DUNE}, publisher={DUNE}, year={2020}} 

@book{DUNE_2020b, title={Cutaway image of an ND module}, journal={https://www.lhep.unibe.ch/research/detector_development/argoncube/index_eng.html}, author={DUNE}, publisher={DUNE}, year={2020}} 

@book{Bansal_2021, title={Example of a decision tree}, journal={https://www.analytixlabs.co.in/blog/top-data-science-interview-questions-and-answers/}, author={Bansal, Sumeet}, year={2021}, month={Jun}} 

@book{Lelli_2019, title={Example of Neural Network}, url={https://francescolelli.info/tutorial/neural-networks-a-collection-of-youtube-videos-for-learning-the-basics/}, journal={Neural Networks: The Basics and a Collection of YouTube Videos}, author={Lelli, Francesco}, year={2019}, month={May}} 

@book{El-Amir_Hamdy_2019, url={https://link.springer.com/chapter/10.1007/978-1-4842-5349-6_9}, author={El-Amir, Hisham and Hamdy, Mahmoud}, year={2019}, month={Dec}} 

@book{Zhou_2020, title={Perceptron Network}, url={https://victorzhou.com/series/neural-networks-from-scratch/}, journal={Neural Networks From Scratch}, author={Zhou, Victor}, year={2020}, month={Feb}} 

@book{Potrimba_2023, title={Sigmoid Function}, url={https://blog.roboflow.com/activation-function-computer-vision/}, journal={What is an Activation Function? A Complete Guide.}, author={Potrimba, Petru}, year={2023}, month={Jan}} 

@book{Sheng_2021, title={ELU Function}, url={https://www.researchgate.net/figure/The-exponential-linear-unit-ELU-activation-function_fig3_350283420}, journal={Atomic Network-Based DOA Estimation Using Low-Bit ADC}, author={Sheng, Shuran}, year={2021}, month={Mar}} 

@book{Yang_2020, title={Model Development}, url={http://www.juyang.co/machine-learning-lifecycle/}, journal={Machine Learning Lifecycle}, author={Yang, Ju}, year={2020}, month={Jan}} 

@book{Drielsma_2024, title={UResNet Architecture}, url={chrome-extension://efaidnbmnnnibpcajpcglclefindmkaj/https://indico.phys.ethz.ch/event/113/contributions/880/attachments/504/1103/NPML%202024%20-%20SPINE.pdf}, journal={Scalable Particle Imaging with Neural Embeddings}, author={Drielsma, François}, year={2024}} 